@Article{Retzlaff:18a,
  author =       {Retzlaff, Nancy and Stadler, Peter F.},
  title =        {Partially Local Multi-Way Alignments},
  journal =      {Math. Comp. Sci.},
  volume =       {12},
  year =         {2018},
  pages =        {207-234},
  doi =          {10.1007/s11786-018-0338-4}
}

@Article{Needleman:70,
  author =       {Needleman, S B and Wunsch, C D},
  title =        {A general method applicable to the search for
                  similarities in the amino acid sequence of two
                  proteins},
  journal =      {J Mol Biol},
  year =         1970,
  volume =       48,
  pages =        {443-453},
  doi =          {10.1016/0022-2836(70)90057-4}
}

@Article{Smith:81,
  author =       {Smith, T. F. and Waterman, M. S.},
  title =        {Identification of common molecular subsequences},
  journal =      {J Mol Biol},
  year =         {1981},
  volume =       {147},
  pages =        {195-197},
  doi =          {10.1016/0022-2836(81)90087-5}
}

@Article{Carillo:88,
  author =       {Carrillo, H. and Lipman, D.},
  title =        {The multiple sequence alignment problem in biology},
  journal =      {SIAM J. Appl. Math.},
  volume =       {48},
  pages =        {1073-1082},
  year =         {1988},
}

@Article{Lipman:89,
  author =       {Lipman, D J and Altschul, S F and Kececioglu, J D},
  year =         {1989},
  title =        {A tool for multiple sequence alignment},
  journal =      {Proc. Natl. Acad. Sci. USA},
  volume =       {86},
  pages =        {4412-4415},
}

@Article{Steiner:11a,
  author =       {Steiner, Lydia and Stadler, Peter F. and Cysouw, Michael},
  title =        {A Pipeline for Computational Historical Linguistics},
  journal =      {Language Dynamics \& Change},
  volume =       {1},
  pages =        {89-127},
  year =         {2011},
}

@Article{Kruspe:07a,
  author =       {Kruspe, Matthias and Stadler, Peter F.},
  title =        {Progressive Multiple Sequence Alignments from Triplets},
  journal =      {BMC Bioinformatics},
  volume =       {8},
  pages =        {254},
  year =         {2007},
  note =         {doi: 10.1186/1471-2105-8-254},
}

@Article{Gotoh:86,
  author =       {Gotoh, O.},
  title =        {Alignment of three biological sequences with an efficient
                  traceback procedure},
  journal =      {J. theor. Biol.},
  volume =       {121},
  pages =        {327-337},
  year =         {1986}
}


@Article{Dewey:01,
  author =       {Dewey, T. G.},
  title =        {A sequence alignment algorithm with an arbitrary gap
                  penalty function},
  journal =      {J.\ Comp.\ Biol.},
  volume =       {8},
  pages =        {177-190},
  year =         {2001},
}

@Article{Konagurthu:04,
  author =       {Konagurthu, A. S. and Whisstock, J. and Stuckey, P. J.},
  title =        {Progressive multiple alignment using sequence triplet
                  optimization and three-residue exchange costs},
  year =         {2004},
  journal=       {J. Bioinf. and Comp. Biol.},
  pages =        {719-745},
  volume=        {2},
}

@Article{Gotoh:82,
  author =       {Gotoh, O},
  title =        {An improved algorithm for matching biological sequences},
  journal =      {J. Mol. Biol.},
  year =         {1982},
  volume =       {162},
  pages =        {705â€“708},
}

@Book{Jones:04,
  author =       {Jones, Neil C and Pevzner, Pavel A},
  title =        {An Introduction to Bioinformatics},
  publisher =    {MIT Press},
  address =      {Cambride, MA},
  year =         {2004},
  note =         {Problem 6.22},
}

@Article{Rausch:09,
  journal =      {Bioinformatics},
  year =         {2009},
  volume =       {25},
  pages =        {1118-1124},
  title =        {A consistency-based consensus algorithm for \emph{de novo}
                  and reference-guided sequence assembly of short reads},
  author =       {Rausch, Tobias and Koren, Sergey and Denisov, Gennady and
                  Weese, David and Emde, Anne-Katrin and D{\"o}ring, Andreas
                  and Reinert, Knut},
}


@InProceedings{Kececioglu:93,
  author =      {Kececioglu, J. D.},
  title =       {The maximum weight trace problem in multiple sequence
                 alignment},
  booktitle =   {Proceedings of the 4th Symposium on Combinatorial Pattern
                 Matching},
  pages =       {106-119},
  year =        {1993},
  volume =      {684},
  series =      {Lecture Notes Comp. Sci.},
  address =     {Berlin},
  publisher =   {Springer},
}

@Article{Bonizzoni:01,
  author =      {Bonizzoni, Paola  and Della Vedova, Gianluca},
  title =       {The complexity of multiple sequence alignment with
                 {SP}-score that is a metric},
  journal =     {Theor. Comp. Sci.},
  volume =      {259},
  pages =       {63-79},
  year =        {2001}
}

@Article{Manthey:03,
  journal =     {Theor. Comp. Sci.},
  volume =      {296},
  pages =       {179-192},
  year =        {2003},
  title =       {Non-approximability of weighted multiple sequence alignment},
  author =      {Manthey, Bodo},
}

@Article{Wang:94,
  author =       {Wang, L and Jiang, T},
  year =         1994,
  title =        {On the complexity of multiple sequence alignment},
  journal =      {J Comput Biol},
  volume =       {1},
  pages =        {337-348},
}

@Article{Just:01,
  title =       {Computational Complexity of Multiple Sequence Alignment
                 with {SP}-Score},
  journal =     {J. Comp. Biol.},
  year =        {2001},
  volume =      {8},
  pages =       {615-623},
  author =      {Just, Winfried},
}

@Article{Elias:06,
  title =       {Settling the Intractability of Multiple Alignment},
  author =      {Elias, Isaac},
  journal =     {J. Comp. Biol.},
  year =        {2006},
  volume =      {13},
  pages =       {1323-1339},
  doi =         {10.1089/cmb.2006.13.1323},
}

@Article{AlArab:17a,
  author =       {Al Arab, Marwa and Bernt, Matthias and H{\"o}ner zu 
                  Siederdissen, Christian and Tout, Kifah and Stadler,
                  Peter F.},
  title =        {Partially Local Three-Way Alignments and the Sequence 
                  Signatures of Mitochondrial Genome Rearrangements},
  journal =      {Alg. Mol. Biol.},
  volume =       {12},
  pages =        {22},
  year =         {2017},
  doi =          {10.1186/s13015-017-0113-0},
}
@Article{Baichoo:17,
  title =       {Computational complexity of algorithms for sequence
                 comparison, short-read assembly and genome alignment},
  journal =     {Biosystems},
  year =        {2017},
  volume =      {156/157},
  pages =       {72-85},
  author =      {Baichoo, Shakuntala and Ouzounis, Christos A.}, 
}

@Article{Lukashin:99,
  journal =     {Bioinformatics},
  year =        {1999},
  volume =      {15},
  pages =       {947-953},
  title =       {Local multiple sequence alignment using dead-end elimination},
  author =      {Lukashin, A V and Rosa, J J},
}

@Article{Blanchette:02,
  journal =      {J Comput Biol},
  year =         {2002},
  volume =       {9},
  pages =        {211-223},
  title =        {Algorithms for phylogenetic footprinting},
  author =       {Blanchette, M and Schwikowski, B and Tompa, M},
}


@Article{Tabei:09,
  journal =     {Bioinformatics},
  volume =      {25},
  year =        {2009},
  pages =       {1498-1505},
  doi =         {10.1093/bioinformatics/btp261},
  title =       {A local multiple alignment method for detection of
                 non-coding {RNA} sequences},
  author =      {Tabei, Y and Asai, K},
}

@Article{Hertel:09a,
  author =       {Hertel, Jana and de Jong, Danielle and Marz, Manja and
                  Rose, Dominic and Tafer, Hakim and Tanzer, Andrea and
                  Schierwater, Bernd and Stadler, Peter F.},
  title =        {Non-Coding {RNA} Annotation of the Genome of
                  \emph{Trichoplax adhaerens}},
  journal =      {Nucleic Acids Res.},
  volume =       {37},
  pages =        {1602-1615},
  year =         {2009},
}


@article{balibase,
  title =        {{BAliBASE} 3.0: latest developments of the multiple sequence
                  alignment benchmark},
  author =       {Thompson, Julie D and Koehl, Patrice and Ripp, Raymond
                  and Poch, Olivier},
  journal =      {Proteins: Structure, Function, and Bioinformatics},
  volume =       {61},
  pages =        {127-136},
  year =         {2005},
  doi =          {10.1002/prot.20527}
}

@article{oxbench,
  title=         {{OXBench}: a benchmark for evaluation of protein multiple
                  sequence alignment accuracy},
  author =       {Raghava, G P S and Searle, Stephen M J and Audley,
                  Patrick C and Barber, Jonathan D and Barton, Geoffrey J},
  journal =      {BMC Bioinformatics},
  volume =       {4},
  pages =        {47},
  year =         {2003},
   doi =         {10.1186/1471-2105-4-47}
}

@InProceedings{Martins:01,
  booktitle =    {Pacific Symposium on Biocomputing},
  author =       {Martins, W. S. and  Del Cuvillo, J. B. and  Useche, F. J.
                  and Theobald, K. B.and Gao, G. R. },
  volume =       {6},
  year =         {2001},
  pages =        {311-322},
  doi =          {10.1142/9789814447362_0031},
  title =        {A multithreaded parallel implementation of a
                  dynamic programming algorithm for sequence comparison},
  editor =       {Altman, Russ B Altman and Dunker, A Keith and
                  Hunker,  Lawrence and Lauderdale, Kevin and
		  Klein, Teri E},
  publisher =    {World Scientific},
  address =      {Singapore}
}

@Article{Hoener:15b,
  author =       {H{\"o}ner zu Siederdissen, Christian and Prohaska,
                  Sonja J. and Stadler, Peter F.},
  title =        {Algebraic Dynamic Programming over General Data Structures},
  journal =      {BMC Bioinformatics},
  volume =       {16},
  pages =        {19:S2},
  year =         {2015},
  doi =          {10.1186/1471-2105-16-S19-S2},
}

@Article{Schirmer:13,
  author =       {Schirmer, Stefanie and Giegerich, Robert},
  title =        {Forest alignment with affine gaps and anchors, applied
                  in {RNA} structure comparison},
  journal =      {Theor. Comp. Sci.},
  volume =       {483},
  year =         {2013},
  pages =        {51-67},
  doi =          {10.1016/j.tcs.2012.07.040},
}
 
@article{Notredame:00,
  title =        {{T-coffee}: a novel method for fast and accurate
                  multiple sequence alignment},
  author =       {Notredame, C{\'e}dric and Higgins, Desmond G and
                  Heringa, Jaap},
  journal =      {Journal of molecular biology},
  volume =       {302},
  pages =        {205-217},
  year =         {2000},
  doi =          {10.1006/jmbi.2000.4042},
}

@article{Larkin:07,
  title =        {{Clustal W} and {Clustal X} version 2.0},
  author =       {Larkin, Mark A and Blackshields, Gordon and Brown, N P
                  and Chenna, R and McGettigan, Paul A and McWilliam,
		  Hamish and Valentin, Franck and Wallace, Iain M and
		  Wilm, Andreas and Lopez, Rodrigo and Thompson, J D and
		  Gibson, T J and  Higgins, D. G.},
  journal =      {Bioinformatics},
  volume =       {23},
  pages =        {2947-2948},
  year =         {2007},
  doi =          {10.1093/bioinformatics/btm404},
}

@article{Katoh:05,
  title =        {{MAFFT} version 5: improvement in accuracy of multiple
                  sequence alignment},
  author =       {Katoh, Kazutaka and Kuma, Kei-ichi and Toh, Hiroyuki
                  and Miyata, Takashi},
  journal =      {Nucleic Acids Res.},
  volume =       {33},
  pages =        {511-518},
  year =         {2005},
  doi =          {10.1093/nar/gki198}
}

@article{Morrison:15,
  title =        {Molecular homology and multiple-sequence alignment: an analysis 
                  of concepts and practice},
  author =       {Morrison, David A. and Morgan, Matthew J. and Kelchner, Scot A.},
  journal =      {Australian Systematic Botany},
  volume =       {28},
  pages =        {46â€“62},
  year =         {2015},
  doi =          {10.1071/SB15001}
}

@article{Hogeweg:84,
  title =        {The alignment of sets of sequences and the construction of phyletic trees: an integrated method},
  author =       {Hogeweg, P and Hesper, B.},
  journal =      {J Mol Evol.},
  volume =       {20},
  pages =        {175â€“186},
  year =         {1984}
}

@article{Sievers:18,
  title =        {Clustal Omega for making accurate alignments of many protein sequences.},
  author =       {Sievers, F and Higgins, DG},
  journal =      {Protein Sci},
  volume =       {27},
  pages =        {135-145},
  year =         {2018},
  doi =          {10.1002/pro.3290}
}

@article{Morgenstern:98,
  title =        {{DIALIGN} finding local similarities by multiple sequence alignment.},
  author =       {Morgenstern, B and Frech, K and Dress, A and Werner, T},
  journal =      {Bioinformatics},
  volume =       {14},
  pages =        {290-4},
  year =         {1998}
}

@article{AlAit:13,
  title =        {DIALIGN at GOBICS--multiple sequence alignment using various sources of external information},
  author =       {L., Al Ait and Z., Yamak and B., Morgenstern},
  journal =      {Nucleic Acids Res},
  volume =       {41},
  pages =        {W3-7},
  year =         {2013},
  doi =          {10.1093/nar/gkt283}
}

@article{Collingridge:12,
  title =        {MergeAlign: Improving multiple sequence alignment performance by dynamic reconstruction of consensus multiple sequence alignments},
  author =       {Collingridge,  Peter W and Kelly, Steven},
  journal =      {BMC Bioinformatics},
  volume =       {13},
  pages =        {117},
  year =         {2012},
  doi =          {10.1186/1471-2105-13-117}
}

@article{Bucher:96,
  author = {Bucher, Philipp and Hofmann, Kay},
  year = {1996},
  month = {02},
  pages = {44-51},
  title = {A Sequence Similarity Search Algorithm Based on a Probabilistic Interpretation of an Alignment Scoring System},
  volume = {4},
  journal = {Proceedings / ... International Conference on Intelligent Systems for Molecular Biology ; ISMB. International Conference on Intelligent Systems for Molecular Biology}
}

@article{Miyazawa:95,
  author = {Miyazawa, Sanzo},
  year = {1995},
  month = {10},
  pages = {999-1009},
  title = {A reliable sequence alignment method based on probabilities of residue correspondences},
  volume = {8},
  journal = {Protein engineering},
  doi = {10.1093/protein/8.10.999}
}

@article{Giegerich:04,
  author = {Giegerich, Robert},
  year = {2004},
  month = {06},
  pages = {215-263},
  title = {A discipline of dynamic programming over sequence data},
  volume = {51},
  journal = {Science of Computer Programming},
  doi = {10.1016/S0167-6423(04)00017-6}
}

@article{Kirchner:19,
  author = {Kirchner, Falco and Retzlaff, Nancy and Stadler, Peter F.},
  year = {2019},
  month = {02},
  pages = {xxx},
  title = {A General Framework for Exact Partially Local Alignments},
  volume = {xx},
  journal = {BIOINFORMATICS},
  doi = {xxx}
}